Datum,Tijd,Valutadatum,Product,ISIN,Omschrijving,FX,Mutatie,,Saldo,,Order Id
05-06-2026,13:43,05-06-2026,,,Degiro Cash Sweep Transfer,,EUR,"-6,54",EUR,"72,93",
05-06-2026,13:43,05-06-2026,,,"Overboeking naar uw geldrekening bij flatexDEGIRO Bank: 6,54 EUR",,,,EUR,"79,47",
05-06-2026,12:32,03-06-2026,KONINKLIJKE PHILIPS NV - NON TRADEABLE,NL0015073VN5,Verrekening van Aandelen,,EUR,"6,54",EUR,"72,93",
04-06-2026,14:52,03-06-2026,KONINKLIJKE PHILIPS NV,NL0000009538,STOCK DIVIDEND: Koop 1 @ 0 EUR,,EUR,"0,00",EUR,"66,39",
04-06-2026,14:52,03-06-2026,KONINKLIJKE PHILIPS NV - NON TRADEABLE,NL0015073VN5,STOCK DIVIDEND: Verkoop 35 @ 0 EUR,,EUR,"0,00",EUR,"66,39",
04-06-2026,09:38,04-06-2026,,,"Overboeking van uw geldrekening bij flatexDEGIRO Bank 1.479,05 EUR",,,,EUR,"66,39",
04-06-2026,09:38,04-06-2026,,,Degiro Cash Sweep Transfer,,EUR,"1479,05",EUR,"1545,44",
04-06-2026,09:09,03-06-2026,,,"Overboeking van uw geldrekening bij flatexDEGIRO Bank 2.738,7 EUR",,,,EUR,"66,39",
04-06-2026,09:09,03-06-2026,,,Degiro Cash Sweep Transfer,,EUR,"2738,70",EUR,"2805,09",
03-06-2026,16:45,03-06-2026,UBS MSCI CANADA UCITS ETF HEUR ACC,LU1130155606,DEGIRO Transactiekosten en/of kosten van derden,,EUR,"-3,00",EUR,"66,39",14551825-d1bd-45dd-8e8b-f7ce1a03247d
03-06-2026,16:45,03-06-2026,UBS MSCI CANADA UCITS ETF HEUR ACC,LU1130155606,"Koop 11 @ 40,15 EUR",,EUR,"-441,65",EUR,"69,39",14551825-d1bd-45dd-8e8b-f7ce1a03247d
03-06-2026,16:44,03-06-2026,AMUNDI MSCI GREECE UCITS ETF DIST,FR0010405431,DEGIRO Transactiekosten en/of kosten van derden,,EUR,"-1,00",EUR,"511,04",2dbcb793-0dfb-42e8-b83b-37b05d86c19f
03-06-2026,16:44,03-06-2026,AMUNDI MSCI GREECE UCITS ETF DIST,FR0010405431,"Koop 400 @ 2,5835 EUR",,EUR,"-1033,40",EUR,"512,04",2dbcb793-0dfb-42e8-b83b-37b05d86c19f
03-06-2026,12:54,03-06-2026,ISHARES CORE MSCI WORLD UCITS ETF USD,IE00B4L5Y983,DEGIRO Transactiekosten en/of kosten van derden,,EUR,"-3,00",EUR,"1545,44",4b6bf6bf-6745-458c-a4ca-4dc6f345403d
03-06-2026,12:54,03-06-2026,ISHARES CORE MSCI WORLD UCITS ETF USD,IE00B4L5Y983,"Koop 22 @ 124,35 EUR",,EUR,"-2735,70",EUR,"1548,44",4b6bf6bf-6745-458c-a4ca-4dc6f345403d
02-06-2026,00:33,01-06-2026,,,"Overboeking van uw geldrekening bij flatexDEGIRO Bank 2.044,51 EUR",,,,EUR,"4284,14",
02-06-2026,00:33,01-06-2026,,,Degiro Cash Sweep Transfer,,EUR,"2044,51",EUR,"6328,65",
02-06-2026,00:30,02-06-2026,,,flatex Storting,,EUR,"500,00",EUR,"4284,14",
01-06-2026,23:03,01-06-2026,,,"Overboeking van uw geldrekening bij flatexDEGIRO Bank 1.049,95 EUR",,,,EUR,"3784,14",
01-06-2026,23:03,01-06-2026,,,Degiro Cash Sweep Transfer,,EUR,"1049,95",EUR,"4834,09",
01-06-2026,15:31,01-06-2026,COCA-COLA CO,US1912161007,Valuta Creditering,"1,1599",USD,"1180,20",USD,"0,00",51360b92-359f-4ace-b868-582095236733
01-06-2026,15:31,01-06-2026,COCA-COLA CO,US1912161007,Valuta Debitering,,EUR,"-1017,51",EUR,"3784,14",51360b92-359f-4ace-b868-582095236733
01-06-2026,15:31,01-06-2026,COCA-COLA CO,US1912161007,DEGIRO Transactiekosten en/of kosten van derden,,EUR,"-2,00",EUR,"4801,65",51360b92-359f-4ace-b868-582095236733
01-06-2026,15:31,01-06-2026,COCA-COLA CO,US1912161007,"Koop 15 @ 78,68 USD",,USD,"-1180,20",USD,"-1180,20",51360b92-359f-4ace-b868-582095236733
01-06-2026,15:24,01-06-2026,AMUNDI STOXX EUROPE 600 BANKS UCITS,LU1834983477,DEGIRO Transactiekosten en/of kosten van derden,,EUR,"-1,00",EUR,"4803,65",7d9cd925-40b4-4b6a-8875-6b96079253f6
01-06-2026,15:24,01-06-2026,AMUNDI STOXX EUROPE 600 BANKS UCITS,LU1834983477,Koop 16 @ 64 EUR,,EUR,"-1024,00",EUR,"4804,65",7d9cd925-40b4-4b6a-8875-6b96079253f6
01-06-2026,07:34,01-06-2026,WISDOMTREE PHYSICAL BITCOIN,GB00BJYDH287,DEGIRO Transactiekosten en/of kosten van derden,,EUR,"-1,00",EUR,"5828,65",b3cbd846-d20a-4687-a87a-a920e61f264f
01-06-2026,07:34,01-06-2026,WISDOMTREE PHYSICAL BITCOIN,GB00BJYDH287,"Koop 70 @ 14,985 EUR",,EUR,"-1048,95",EUR,"5829,65",b3cbd846-d20a-4687-a87a-a920e61f264f
27-05-2026,16:31,27-05-2026,,,"Overboeking van uw geldrekening bij flatexDEGIRO Bank 999,4 EUR",,,,EUR,"6878,60",
27-05-2026,16:31,27-05-2026,,,Degiro Cash Sweep Transfer,,EUR,"999,40",EUR,"7878,00",
27-05-2026,15:42,27-05-2026,ISHARES AEX UCITS ETF EUR (ACC),IE00BMTX2B82,DEGIRO Transactiekosten en/of kosten van derden,,EUR,"-1,00",EUR,"6878,60",6c9c037a-d3be-4564-bfda-1f96443f6c2a
27-05-2026,15:42,27-05-2026,ISHARES AEX UCITS ETF EUR (ACC),IE00BMTX2B82,"Koop 96 @ 10,4 EUR",,EUR,"-998,40",EUR,"6879,60",6c9c037a-d3be-4564-bfda-1f96443f6c2a
27-05-2026,11:23,27-05-2026,,,"Overboeking naar uw geldrekening bij flatexDEGIRO Bank: 1.155,3 EUR",,,,EUR,"7878,00",
27-05-2026,11:23,27-05-2026,,,Degiro Cash Sweep Transfer,,EUR,"-1155,30",EUR,"6722,70",
27-05-2026,10:05,27-05-2026,KONINKLIJKE HEIJMANS NV,NL0009269109,DEGIRO Transactiekosten en/of kosten van derden,,EUR,"-3,00",EUR,"7878,00",7c0e64fc-5073-43ca-936e-606ca7049dcb
27-05-2026,10:05,27-05-2026,KONINKLIJKE HEIJMANS NV,NL0009269109,"Verkoop 11 @ 105,3 EUR",,EUR,"1158,30",EUR,"7881,00",7c0e64fc-5073-43ca-936e-606ca7049dcb
20-05-2026,19:12,20-05-2026,,,"Overboeking van uw geldrekening bij flatexDEGIRO Bank 1.212,2 EUR",,,,EUR,"6722,70",
20-05-2026,19:12,20-05-2026,,,Degiro Cash Sweep Transfer,,EUR,"1212,20",EUR,"7934,90",
20-05-2026,12:04,20-05-2026,ISHARES CORE MSCI WORLD UCITS ETF USD,IE00B4L5Y983,DEGIRO Transactiekosten en/of kosten van derden,,EUR,"-3,00",EUR,"6722,70",af96205e-1be9-452a-b3bc-61a26b76607f
20-05-2026,12:04,20-05-2026,ISHARES CORE MSCI WORLD UCITS ETF USD,IE00B4L5Y983,"Koop 10 @ 120,92 EUR",,EUR,"-1209,20",EUR,"6725,70",af96205e-1be9-452a-b3bc-61a26b76607f
13-05-2026,22:40,13-05-2026,,,Degiro Cash Sweep Transfer,,EUR,"733,91",EUR,"7934,90",
13-05-2026,22:40,13-05-2026,,,"Overboeking van uw geldrekening bij flatexDEGIRO Bank 733,91 EUR",,,,EUR,"7200,99",
13-05-2026,21:57,13-05-2026,XTRACKERS MSCI MEXICO UCITS 1C ETF,LU0476289466,DEGIRO Transactiekosten en/of kosten van derden,,EUR,"-1,00",EUR,"7934,90",2c204edf-b303-401d-934c-8873d5829ecd
13-05-2026,21:57,13-05-2026,XTRACKERS MSCI MEXICO UCITS 1C ETF,LU0476289466,"Koop 89 @ 8,235 EUR",,EUR,"-732,92",EUR,"7935,90",2c204edf-b303-401d-934c-8873d5829ecd
13-05-2026,08:34,13-05-2026,,,Degiro Cash Sweep Transfer,,EUR,"-22,16",EUR,"8668,81",
13-05-2026,08:34,13-05-2026,,,"Overboeking naar uw geldrekening bij flatexDEGIRO Bank: 22,16 EUR",,,,EUR,"8690,97",
13-05-2026,07:12,12-05-2026,KONINKLIJKE HEIJMANS NV,NL0009269109,Dividend,,EUR,"26,07",EUR,"8668,81",
13-05-2026,07:12,12-05-2026,KONINKLIJKE HEIJMANS NV,NL0009269109,Dividendbelasting,,EUR,"-3,91",EUR,"8642,74",
12-05-2026,08:44,12-05-2026,KONINKLIJKE PHILIPS NV - NON TRADEABLE,NL0015073VN5,CLAIMEMISSIE: Koop 35 @ 0 EUR,,EUR,"0,00",EUR,"8646,65",
12-05-2026,08:34,12-05-2026,,,Degiro Cash Sweep Transfer,,EUR,"-14,00",EUR,"8646,65",
12-05-2026,08:34,12-05-2026,,,Overboeking naar uw geldrekening bij flatexDEGIRO Bank: 14 EUR,,,,EUR,"8660,65",
12-05-2026,07:11,11-05-2026,ANHEUSER-BUSCH INBEV SA,BE0974293251,Dividendbelasting,,EUR,"-6,00",EUR,"8646,65",
12-05-2026,07:11,11-05-2026,ANHEUSER-BUSCH INBEV SA,BE0974293251,Dividend,,EUR,"20,00",EUR,"8652,65",
11-05-2026,22:52,11-05-2026,,,Degiro Cash Sweep Transfer,,EUR,"-1894,46",EUR,"8632,65",
11-05-2026,22:52,11-05-2026,,,"Overboeking naar uw geldrekening bij flatexDEGIRO Bank: 1.894,46 EUR",,,,EUR,"10527,11",
11-05-2026,21:09,11-05-2026,TESLA INC,US88160R1014,Valuta Debitering,"1,1805",USD,"-2238,85",USD,"0,00",66267b97-cee6-4b5e-b194-43d8cdcc6cae
11-05-2026,21:09,11-05-2026,TESLA INC,US88160R1014,Valuta Creditering,,EUR,"1896,46",EUR,"8632,65",66267b97-cee6-4b5e-b194-43d8cdcc6cae
11-05-2026,21:09,11-05-2026,TESLA INC,US88160R1014,DEGIRO Transactiekosten en/of kosten van derden,,EUR,"-2,00",EUR,"6736,19",66267b97-cee6-4b5e-b194-43d8cdcc6cae
11-05-2026,21:09,11-05-2026,TESLA INC,US88160R1014,"Verkoop 5 @ 447,77 USD",,USD,"2238,85",USD,"2238,85",66267b97-cee6-4b5e-b194-43d8cdcc6cae
07-05-2026,17:21,07-05-2026,,,Degiro Cash Sweep Transfer,,EUR,"2075,80",EUR,"6738,19",
07-05-2026,17:21,07-05-2026,,,"Overboeking van uw geldrekening bij flatexDEGIRO Bank 2.075,8 EUR",,,,EUR,"4662,39",
07-05-2026,16:05,07-05-2026,AMUNDI STOXX EUROPE 600 ENERGY SCRND,LU1834988278,DEGIRO Transactiekosten en/of kosten van derden,,EUR,"-1,00",EUR,"6738,19",c40f85d4-62c6-4a20-966f-b371235c9cec
07-05-2026,16:05,07-05-2026,AMUNDI STOXX EUROPE 600 ENERGY SCRND,LU1834988278,"Koop 10 @ 104,94 EUR",,EUR,"-1049,40",EUR,"6739,19",c40f85d4-62c6-4a20-966f-b371235c9cec
07-05-2026,09:00,07-05-2026,RANDSTAD NV,NL0000379121,DEGIRO Transactiekosten en/of kosten van derden,,EUR,"-3,00",EUR,"7788,59",262ebdb4-dafd-4468-94ea-4b80a6e1853a
07-05-2026,09:00,07-05-2026,RANDSTAD NV,NL0000379121,"Koop 40 @ 25,56 EUR",,EUR,"-1022,40",EUR,"7791,59",262ebdb4-dafd-4468-94ea-4b80a6e1853a
06-05-2026,10:50,06-05-2026,,,Degiro Cash Sweep Transfer,,EUR,"-19,38",EUR,"8813,99",
06-05-2026,10:50,06-05-2026,,,"Overboeking naar uw geldrekening bij flatexDEGIRO Bank: 19,38 EUR",,,,EUR,"8833,37",
06-05-2026,07:44,05-05-2026,HEINEKEN NV,NL0000009165,Dividendbelasting,,EUR,"-2,61",EUR,"8813,99",
06-05-2026,07:44,05-05-2026,HEINEKEN NV,NL0000009165,Dividend,,EUR,"17,40",EUR,"8816,60",
06-05-2026,07:43,05-05-2026,ASML HOLDING NV,NL0010273215,Dividend,,EUR,"5,40",EUR,"8799,20",
06-05-2026,07:43,05-05-2026,ASML HOLDING NV,NL0010273215,Dividendbelasting,,EUR,"-0,81",EUR,"8793,80",
05-05-2026,14:51,05-05-2026,,,Degiro Cash Sweep Transfer,,EUR,"2,50",EUR,"8794,61",
05-05-2026,14:51,05-05-2026,,,"Overboeking van uw geldrekening bij flatexDEGIRO Bank 2,5 EUR",,,,EUR,"8792,11",
05-05-2026,13:31,30-04-2026,,,DEGIRO Aansluitingskosten 2026 (SIX Swiss Exchange (SWX) - SWX),,EUR,"-2,50",EUR,"8794,61",
02-05-2026,00:31,02-05-2026,,,flatex Storting,,EUR,"500,00",EUR,"8797,11",
29-04-2026,16:30,29-04-2026,,,Degiro Cash Sweep Transfer,,EUR,"971,00",EUR,"8297,11",
29-04-2026,16:30,29-04-2026,,,Overboeking van uw geldrekening bij flatexDEGIRO Bank 971 EUR,,,,EUR,"7326,11",
29-04-2026,15:47,29-04-2026,AMUNDI MSCI GREECE UCITS ETF DIST,FR0010405431,DEGIRO Transactiekosten en/of kosten van derden,,EUR,"-1,00",EUR,"8297,11",be32f550-ce8d-440c-b861-672637f4bf4c
29-04-2026,15:47,29-04-2026,AMUNDI MSCI GREECE UCITS ETF DIST,FR0010405431,"Koop 400 @ 2,425 EUR",,EUR,"-970,00",EUR,"8298,11",be32f550-ce8d-440c-b861-672637f4bf4c
28-04-2026,14:21,28-04-2026,,,Degiro Cash Sweep Transfer,,EUR,"1129,20",EUR,"9268,11",
28-04-2026,14:21,28-04-2026,,,"Overboeking van uw geldrekening bij flatexDEGIRO Bank 1.129,2 EUR",,,,EUR,"8138,91",
28-04-2026,13:51,28-04-2026,ISHARES MSCI MEXICO CAPPED UCITS ETF,IE00B5WHFQ43,DEGIRO Transactiekosten en/of kosten van derden,,EUR,"-3,00",EUR,"9268,11",0dc162c3-bba6-44d3-8aa0-fa258df0ebe4
28-04-2026,13:51,28-04-2026,ISHARES MSCI MEXICO CAPPED UCITS ETF,IE00B5WHFQ43,"Koop 6 @ 187,7 EUR",,EUR,"-1126,20",EUR,"9271,11",0dc162c3-bba6-44d3-8aa0-fa258df0ebe4
28-04-2026,11:31,28-04-2026,,,Degiro Cash Sweep Transfer,,EUR,"851,98",EUR,"10397,31",
28-04-2026,11:31,28-04-2026,,,"Overboeking van uw geldrekening bij flatexDEGIRO Bank 851,98 EUR",,,,EUR,"9545,33",
28-04-2026,10:30,28-04-2026,,,Degiro Cash Sweep Transfer,,EUR,"3244,55",EUR,"10397,31",
28-04-2026,10:30,28-04-2026,,,"Overboeking van uw geldrekening bij flatexDEGIRO Bank 3.244,55 EUR",,,,EUR,"7152,76",
28-04-2026,10:06,28-04-2026,UBS MSCI CANADA UCITS ETF HEUR ACC,LU1130155606,DEGIRO Transactiekosten en/of kosten van derden,,EUR,"-3,00",EUR,"10397,31",189f3b61-4dff-4486-b339-35c701f339fc
28-04-2026,10:06,28-04-2026,UBS MSCI CANADA UCITS ETF HEUR ACC,LU1130155606,"Koop 22 @ 38,59 EUR",,EUR,"-848,98",EUR,"10400,31",189f3b61-4dff-4486-b339-35c701f339fc
28-04-2026,09:55,28-04-2026,AMUNDI STOXX EUROPE 600 BANKS UCITS,LU1834983477,DEGIRO Transactiekosten en/of kosten van derden,,EUR,"-1,00",EUR,"11249,29",4ec10b55-fcb9-492c-953a-ef1f780e7b83
28-04-2026,09:55,28-04-2026,AMUNDI STOXX EUROPE 600 BANKS UCITS,LU1834983477,"Koop 18 @ 61,37 EUR",,EUR,"-1104,66",EUR,"11250,29",4ec10b55-fcb9-492c-953a-ef1f780e7b83
28-04-2026,09:55,28-04-2026,AMUNDI STOXX EUROPE 600 BANKS UCITS,LU1834983477,DEGIRO Transactiekosten en/of kosten van derden,,EUR,"-1,00",EUR,"12354,95",76c2c873-1764-4234-9fec-9891253b8a29
28-04-2026,09:55,28-04-2026,AMUNDI STOXX EUROPE 600 BANKS UCITS,LU1834983477,"Koop 18 @ 61,4 EUR",,EUR,"-1105,20",EUR,"12355,95",76c2c873-1764-4234-9fec-9891253b8a29
28-04-2026,09:10,28-04-2026,XTRACKERS MSCI MEXICO UCITS 1C ETF,LU0476289466,DEGIRO Transactiekosten en/of kosten van derden,,EUR,"-1,00",EUR,"13461,15",1a0e4614-849f-460b-9405-a3be26a06c41
28-04-2026,09:10,28-04-2026,XTRACKERS MSCI MEXICO UCITS 1C ETF,LU0476289466,"Koop 133 @ 7,757 EUR",,EUR,"-1031,68",EUR,"13462,15",1a0e4614-849f-460b-9405-a3be26a06c41
27-04-2026,08:41,27-04-2026,,,Degiro Cash Sweep Transfer,,EUR,"-25,02",EUR,"14493,84",
27-04-2026,08:41,27-04-2026,,,"Overboeking naar uw geldrekening bij flatexDEGIRO Bank: 25,02 EUR",,,,EUR,"14518,86",
27-04-2026,07:09,24-04-2026,ING GROEP NV,NL0011821202,Dividend,,EUR,"29,44",EUR,"14493,84",
27-04-2026,07:08,24-04-2026,ING GROEP NV,NL0011821202,Dividendbelasting,,EUR,"-4,42",EUR,"14464,40",
25-04-2026,13:10,25-04-2026,,,flatex Storting,,EUR,"7500,00",EUR,"14468,82",
24-04-2026,17:32,24-04-2026,,,Degiro Cash Sweep Transfer,,EUR,"-3812,20",EUR,"6968,82",
24-04-2026,17:32,24-04-2026,,,"Overboeking naar uw geldrekening bij flatexDEGIRO Bank: 3.812,2 EUR",,,,EUR,"10781,02",
24-04-2026,16:11,24-04-2026,ISHARES EURO GOVT BOND 3-7YR UCITS ETF,IE00B3VTML14,DEGIRO Transactiekosten en/of kosten van derden,,EUR,"-3,00",EUR,"6968,82",e7ef4db6-49ea-415c-b0eb-663694a5e18b
24-04-2026,16:11,24-04-2026,ISHARES EURO GOVT BOND 3-7YR UCITS ETF,IE00B3VTML14,"Verkoop 10 @ 133,46 EUR",,EUR,"1334,60",EUR,"6971,82",e7ef4db6-49ea-415c-b0eb-663694a5e18b
24-04-2026,16:09,24-04-2026,ASML HOLDING NV,NL0010273215,DEGIRO Transactiekosten en/of kosten van derden,,EUR,"-3,00",EUR,"5637,22",cfa4a87f-b9a3-414c-891f-254731ed7ec7
24-04-2026,16:09,24-04-2026,ASML HOLDING NV,NL0010273215,"Verkoop 2 @ 1.241,8 EUR",,EUR,"2483,60",EUR,"5640,22",cfa4a87f-b9a3-414c-891f-254731ed7ec7
22-04-2026,19:21,22-04-2026,,,Degiro Cash Sweep Transfer,,EUR,"-1016,00",EUR,"3156,62",
22-04-2026,19:21,22-04-2026,,,Overboeking naar uw geldrekening bij flatexDEGIRO Bank: 1.016 EUR,,,,EUR,"4172,62",
22-04-2026,18:13,22-04-2026,ISHARES AEX UCITS ETF EUR (DIST),IE00B0M62Y33,DEGIRO Transactiekosten en/of kosten van derden,,EUR,"-1,00",EUR,"3156,62",6bd191b6-5e20-48e9-ba38-c0f939be8bd0
22-04-2026,18:13,22-04-2026,ISHARES AEX UCITS ETF EUR (DIST),IE00B0M62Y33,"Verkoop 10 @ 101,7 EUR",,EUR,"1017,00",EUR,"3157,62",6bd191b6-5e20-48e9-ba38-c0f939be8bd0
16-04-2026,10:03,16-04-2026,,,Degiro Cash Sweep Transfer,,EUR,"-8,05",EUR,"2140,62",
16-04-2026,10:03,16-04-2026,,,"Overboeking naar uw geldrekening bij flatexDEGIRO Bank: 8,05 EUR",,,,EUR,"2148,67",
16-04-2026,08:42,16-04-2026,,,Degiro Cash Sweep Transfer,,EUR,"-2,74",EUR,"2140,62",
16-04-2026,08:42,16-04-2026,,,"Overboeking naar uw geldrekening bij flatexDEGIRO Bank: 2,74 EUR",,,,EUR,"2143,36",
16-04-2026,08:36,15-04-2026,ISHARES STOXX EUROPE 600 OIL & GAS,DE000A0H08M3,Dividend,,EUR,"8,05",EUR,"2140,62",
16-04-2026,07:20,15-04-2026,ISHARES STOXX EUROPE 600 HEALTH CARE,DE000A0Q4R36,Dividend,,EUR,"2,74",EUR,"2132,57",
15-04-2026,07:42,15-04-2026,,,Degiro Cash Sweep Transfer,,EUR,"-12,25",EUR,"2129,83",
15-04-2026,07:42,15-04-2026,,,"Overboeking naar uw geldrekening bij flatexDEGIRO Bank: 12,25 EUR",,,,EUR,"2142,08",
15-04-2026,06:32,14-04-2026,,,Valuta Creditering,,EUR,"12,25",EUR,"2129,83",
15-04-2026,06:32,14-04-2026,,,Valuta Debitering,"1,1825",USD,"-14,48",USD,"0,00",
14-04-2026,06:57,13-04-2026,PHILIP MORRIS INTERNATIONAL INC,US7181721090,Dividend,,USD,"13,23",USD,"14,48",
14-04-2026,06:56,13-04-2026,PHILIP MORRIS INTERNATIONAL INC,US7181721090,Dividendbelasting,,USD,"-0,22",USD,"1,25",
14-04-2026,06:56,13-04-2026,PHILIP MORRIS INTERNATIONAL INC,US7181721090,Dividend,,USD,"1,47",USD,"1,47",
05-04-2026,18:46,31-03-2026,,,Flatex Interest Income,,EUR,"0,00",EUR,"2117,58",
03-04-2026,01:33,02-04-2026,,,iDEAL Deposit,,EUR,"500,00",EUR,"2117,58",
03-04-2026,01:33,02-04-2026,,,Reservation iDEAL,,EUR,"-500,00",EUR,"1617,58",
02-04-2026,21:20,02-04-2026,,,Degiro Cash Sweep Transfer,,EUR,"1013,06",EUR,"2117,58",
02-04-2026,21:20,02-04-2026,,,"Overboeking van uw geldrekening bij flatexDEGIRO Bank 1.013,06 EUR",,,,EUR,"1104,52",
02-04-2026,20:40,02-04-2026,VANGUARD FTSE ALL-WORLD UCITS - (USD),IE00BK5BQT80,DEGIRO Transactiekosten en/of kosten van derden,,EUR,"-1,00",EUR,"2117,58",c29e35f0-628b-4fa8-ad61-8d8a67c751ba
02-04-2026,20:40,02-04-2026,VANGUARD FTSE ALL-WORLD UCITS - (USD),IE00BK5BQT80,"Koop 7 @ 144,58 EUR",,EUR,"-1012,06",EUR,"2118,58",c29e35f0-628b-4fa8-ad61-8d8a67c751ba
02-04-2026,08:08,02-04-2026,,,Degiro Cash Sweep Transfer,,EUR,"-10,42",EUR,"3130,64",
02-04-2026,08:08,02-04-2026,,,"Overboeking naar uw geldrekening bij flatexDEGIRO Bank: 10,42 EUR",,,,EUR,"3141,06",
02-04-2026,07:46,02-04-2026,,,Reservation iDEAL,,EUR,"500,00",EUR,"3130,64",
02-04-2026,06:39,01-04-2026,,,Valuta Creditering,,EUR,"10,42",EUR,"2630,64",
02-04-2026,06:39,01-04-2026,,,Valuta Debitering,"1,1618",USD,"-12,10",USD,"0,00",
02-04-2026,01:31,01-04-2026,,,iDEAL Deposit,,EUR,"1000,00",EUR,"2620,22",
02-04-2026,01:31,01-04-2026,,,Reservation iDEAL,,EUR,"-1000,00",EUR,"1620,22",
02-04-2026,00:31,02-04-2026,,,flatex Storting,,EUR,"500,00",EUR,"2620,22",
01-04-2026,08:57,01-04-2026,,,Degiro Cash Sweep Transfer,,EUR,"-4,94",EUR,"2120,22",
01-04-2026,08:57,01-04-2026,,,"Overboeking naar uw geldrekening bij flatexDEGIRO Bank: 4,94 EUR",,,,EUR,"2125,16",
01-04-2026,08:07,31-03-2026,PEPSICO INC,US7134481081,Dividend,,USD,"14,23",USD,"12,10",
01-04-2026,08:07,31-03-2026,PEPSICO INC,US7134481081,Dividendbelasting,,USD,"-2,13",USD,"-2,13",
01-04-2026,07:21,31-03-2026,ISHARES AEX UCITS ETF EUR (DIST),IE00B0M62Y33,Dividend,,EUR,"4,94",EUR,"2120,22",
31-03-2026,14:30,31-03-2026,,,Degiro Cash Sweep Transfer,,EUR,"827,45",EUR,"2115,28",
31-03-2026,14:30,31-03-2026,,,"Overboeking van uw geldrekening bij flatexDEGIRO Bank 827,45 EUR",,,,EUR,"1287,83",
31-03-2026,12:50,31-03-2026,KONINKLIJKE HEIJMANS NV,NL0009269109,DEGIRO Transactiekosten en/of kosten van derden,,EUR,"-3,00",EUR,"2115,28",e0742a8f-44c1-4676-88d4-d43edb33161d
31-03-2026,12:50,31-03-2026,KONINKLIJKE HEIJMANS NV,NL0009269109,"Koop 11 @ 74,95 EUR",,EUR,"-824,45",EUR,"2118,28",e0742a8f-44c1-4676-88d4-d43edb33161d
31-03-2026,12:49,31-03-2026,,,Reservation iDEAL,,EUR,"1000,00",EUR,"2942,73",
23-03-2026,12:12,23-03-2026,,,Degiro Cash Sweep Transfer,,EUR,"-1813,50",EUR,"1942,73",
23-03-2026,12:12,23-03-2026,,,"Overboeking naar uw geldrekening bij flatexDEGIRO Bank: 1.813,5 EUR",,,,EUR,"3756,23",
23-03-2026,07:30,23-03-2026,ISHARES AEX UCITS ETF EUR (DIST),IE00B0M62Y33,DEGIRO Transactiekosten en/of kosten van derden,,EUR,"-1,00",EUR,"1942,73",fcf467d7-a8b1-4eaf-bbab-81df2d7392aa
23-03-2026,07:30,23-03-2026,ISHARES AEX UCITS ETF EUR (DIST),IE00B0M62Y33,"Verkoop 19 @ 95,5 EUR",,EUR,"1814,50",EUR,"1943,73",fcf467d7-a8b1-4eaf-bbab-81df2d7392aa
23-03-2026,03:32,23-03-2026,,,Degiro Cash Sweep Transfer,,EUR,"870,77",EUR,"129,23",
23-03-2026,03:32,23-03-2026,,,"Overboeking van uw geldrekening bij flatexDEGIRO Bank 870,77 EUR",,,,EUR,"-741,54",
21-03-2026,01:43,20-03-2026,,,iDEAL Deposit,,EUR,"1000,00",EUR,"129,23",
21-03-2026,01:43,20-03-2026,,,Reservation iDEAL,,EUR,"-1000,00",EUR,"-870,77",
20-03-2026,14:21,20-03-2026,,,Degiro Cash Sweep Transfer,,EUR,"11,51",EUR,"129,23",
20-03-2026,14:21,20-03-2026,,,"Overboeking van uw geldrekening bij flatexDEGIRO Bank 11,51 EUR",,,,EUR,"117,72",
20-03-2026,13:29,20-03-2026,ISHARES AEX UCITS ETF EUR (DIST),IE00B0M62Y33,DEGIRO Transactiekosten en/of kosten van derden,,EUR,"-1,00",EUR,"129,23",8aca1534-6b4d-40d8-9a8a-72ada9ad2575
20-03-2026,13:29,20-03-2026,ISHARES AEX UCITS ETF EUR (DIST),IE00B0M62Y33,"Koop 9 @ 97,92 EUR",,EUR,"-881,28",EUR,"130,23",8aca1534-6b4d-40d8-9a8a-72ada9ad2575
19-03-2026,19:02,19-03-2026,,,Reservation iDEAL,,EUR,"1000,00",EUR,"1011,51",
18-03-2026,15:31,18-03-2026,,,Degiro Cash Sweep Transfer,,EUR,"256,00",EUR,"11,51",
18-03-2026,15:31,18-03-2026,,,Overboeking van uw geldrekening bij flatexDEGIRO Bank 256 EUR,,,,EUR,"-244,49",
18-03-2026,14:01,18-03-2026,WISDOMTREE PHYSICAL BITCOIN,GB00BJYDH287,DEGIRO Transactiekosten en/of kosten van derden,,EUR,"-1,00",EUR,"11,51",c146c639-b016-4734-baa3-2ecda4ff264e
18-03-2026,14:01,18-03-2026,WISDOMTREE PHYSICAL BITCOIN,GB00BJYDH287,Koop 17 @ 15 EUR,,EUR,"-255,00",EUR,"12,51",c146c639-b016-4734-baa3-2ecda4ff264e
16-03-2026,11:31,16-03-2026,,,Degiro Cash Sweep Transfer,,EUR,"1176,20",EUR,"267,51",
16-03-2026,11:31,16-03-2026,,,"Overboeking van uw geldrekening bij flatexDEGIRO Bank 1.176,2 EUR",,,,EUR,"-908,69",
16-03-2026,10:19,16-03-2026,VANGUARD FTSE ALL-WORLD UCITS - (USD),IE00BK5BQT80,DEGIRO Transactiekosten en/of kosten van derden,,EUR,"-1,00",EUR,"267,51",03bd0d67-3af0-40d2-a1dc-5f4f64e8509e
16-03-2026,10:19,16-03-2026,VANGUARD FTSE ALL-WORLD UCITS - (USD),IE00BK5BQT80,"Koop 8 @ 146,9 EUR",,EUR,"-1175,20",EUR,"268,51",03bd0d67-3af0-40d2-a1dc-5f4f64e8509e
13-03-2026,17:41,13-03-2026,,,Degiro Cash Sweep Transfer,,EUR,"964,00",EUR,"1443,71",
13-03-2026,17:41,13-03-2026,,,Overboeking van uw geldrekening bij flatexDEGIRO Bank 964 EUR,,,,EUR,"479,71",
13-03-2026,16:12,13-03-2026,FRANKLIN FUTURE OF HEALTH AND,IE0003WEWAX4,DEGIRO Transactiekosten en/of kosten van derden,,EUR,"-1,00",EUR,"1443,71",a8b1503a-fe4d-4cf9-8fcf-ca0fd8a84373
13-03-2026,16:12,13-03-2026,FRANKLIN FUTURE OF HEALTH AND,IE0003WEWAX4,"Koop 40 @ 24,075 EUR",,EUR,"-963,00",EUR,"1444,71",a8b1503a-fe4d-4cf9-8fcf-ca0fd8a84373
13-03-2026,14:40,13-03-2026,,,Degiro Cash Sweep Transfer,,EUR,"982,50",EUR,"2407,71",
13-03-2026,14:40,13-03-2026,,,"Overboeking van uw geldrekening bij flatexDEGIRO Bank 982,5 EUR",,,,EUR,"1425,21",
13-03-2026,13:40,13-03-2026,AMUNDI GLOBAL LUXURY UCITS ETF EUR,LU1681048630,DEGIRO Transactiekosten en/of kosten van derden,,EUR,"-1,00",EUR,"2407,71",91e5e73b-d05c-4119-9d3a-958d586a662a
13-03-2026,13:40,13-03-2026,AMUNDI GLOBAL LUXURY UCITS ETF EUR,LU1681048630,"Koop 5 @ 196,3 EUR",,EUR,"-981,50",EUR,"2408,71",91e5e73b-d05c-4119-9d3a-958d586a662a
09-03-2026,12:23,09-03-2026,,,Degiro Cash Sweep Transfer,,EUR,"1333,40",EUR,"3390,21",
09-03-2026,12:23,09-03-2026,,,"Overboeking van uw geldrekening bij flatexDEGIRO Bank 1.333,4 EUR",,,,EUR,"2056,81",
09-03-2026,09:04,09-03-2026,ISHARES EURO GOVT BOND 3-7YR UCITS ETF,IE00B3VTML14,DEGIRO Transactiekosten en/of kosten van derden,,EUR,"-3,00",EUR,"3390,21",7de761b0-d96a-4007-bb99-50cf15ad9ff8
09-03-2026,09:04,09-03-2026,ISHARES EURO GOVT BOND 3-7YR UCITS ETF,IE00B3VTML14,"Koop 10 @ 133,04 EUR",,EUR,"-1330,40",EUR,"3393,21",7de761b0-d96a-4007-bb99-50cf15ad9ff8
05-03-2026,13:33,05-03-2026,,,Degiro Cash Sweep Transfer,,EUR,"5,00",EUR,"4723,61",
05-03-2026,13:33,05-03-2026,,,Overboeking van uw geldrekening bij flatexDEGIRO Bank 5 EUR,,,,EUR,"4718,61",
05-03-2026,12:26,28-02-2026,,,DEGIRO Aansluitingskosten 2026 (Euronext Milan - MIL),,EUR,"-2,50",EUR,"4723,61",
05-03-2026,12:26,28-02-2026,,,DEGIRO Aansluitingskosten 2026 (London Stock Exchange (LSE) - LSE),,EUR,"-2,50",EUR,"4726,11",
03-03-2026,19:37,03-03-2026,,,Degiro Cash Sweep Transfer,,EUR,"945,30",EUR,"4728,61",
03-03-2026,19:37,03-03-2026,,,"Overboeking van uw geldrekening bij flatexDEGIRO Bank 945,3 EUR",,,,EUR,"3783,31",
03-03-2026,09:28,03-03-2026,VANECK DEFENSE UCITS ETF,IE000YYE6WK5,DEGIRO Transactiekosten en/of kosten van derden,,EUR,"-3,00",EUR,"4728,61",1550b351-98e9-49fc-a3d6-104b8410a62a
03-03-2026,09:28,03-03-2026,VANECK DEFENSE UCITS ETF,IE000YYE6WK5,"Koop 15 @ 62,82 EUR",,EUR,"-942,30",EUR,"4731,61",1550b351-98e9-49fc-a3d6-104b8410a62a
02-03-2026,20:30,02-03-2026,,,Degiro Cash Sweep Transfer,,EUR,"994,60",EUR,"5673,91",
02-03-2026,20:30,02-03-2026,,,"Overboeking van uw geldrekening bij flatexDEGIRO Bank 994,6 EUR",,,,EUR,"4679,31",
02-03-2026,19:12,02-03-2026,ISHARES STOXX EUROPE 600 OIL & GAS,DE000A0H08M3,DEGIRO Transactiekosten en/of kosten van derden,,EUR,"-1,00",EUR,"5673,91",80d08732-ba9b-4e54-8ab6-3129f1f971af
02-03-2026,19:12,02-03-2026,ISHARES STOXX EUROPE 600 OIL & GAS,DE000A0H08M3,"Koop 20 @ 49,68 EUR",,EUR,"-993,60",EUR,"5674,91",80d08732-ba9b-4e54-8ab6-3129f1f971af
27-02-2026,14:30,27-02-2026,,,Degiro Cash Sweep Transfer,,EUR,"8553,87",EUR,"6668,51",
27-02-2026,14:30,27-02-2026,,,"Overboeking van uw geldrekening bij flatexDEGIRO Bank 8.553,87 EUR",,,,EUR,"-1885,36",
27-02-2026,13:51,27-02-2026,ASML HOLDING NV,NL0010273215,DEGIRO Transactiekosten en/of kosten van derden,,EUR,"-3,00",EUR,"6668,51",2e8d4aa6-5605-4cae-a2f0-1c76c99b1146
27-02-2026,13:51,27-02-2026,ASML HOLDING NV,NL0010273215,"Koop 2 @ 1.223,6 EUR",,EUR,"-2447,20",EUR,"6671,51",2e8d4aa6-5605-4cae-a2f0-1c76c99b1146
27-02-2026,13:49,27-02-2026,ING GROEP NV,NL0011821202,DEGIRO Transactiekosten en/of kosten van derden,,EUR,"-3,00",EUR,"9118,71",0563200e-da36-42dd-9ded-8ed9ab6c5420
27-02-2026,13:49,27-02-2026,ING GROEP NV,NL0011821202,"Koop 40 @ 24,92 EUR",,EUR,"-996,80",EUR,"9121,71",0563200e-da36-42dd-9ded-8ed9ab6c5420
27-02-2026,13:48,27-02-2026,ISHARES CORE MSCI WORLD UCITS ETF USD,IE00B4L5Y983,DEGIRO Transactiekosten en/of kosten van derden,,EUR,"-1,00",EUR,"10118,51",ffdd9ccd-2125-4f8d-8df8-a0cef51fc983
27-02-2026,13:48,27-02-2026,ISHARES CORE MSCI WORLD UCITS ETF USD,IE00B4L5Y983,"Koop 9 @ 113,6849 EUR",,EUR,"-1023,16",EUR,"10119,51",ffdd9ccd-2125-4f8d-8df8-a0cef51fc983
27-02-2026,13:42,27-02-2026,ISHARES STOXX EUROPE 600 HEALTH CARE,DE000A0Q4R36,DEGIRO Transactiekosten en/of kosten van derden,,EUR,"-1,00",EUR,"11142,67",d6fca118-1698-41de-970f-acc835ccf836
27-02-2026,13:42,27-02-2026,ISHARES STOXX EUROPE 600 HEALTH CARE,DE000A0Q4R36,"Koop 9 @ 119,78 EUR",,EUR,"-1078,02",EUR,"11143,67",d6fca118-1698-41de-970f-acc835ccf836
27-02-2026,13:39,27-02-2026,KONINKLIJKE PHILIPS NV,NL0000009538,DEGIRO Transactiekosten en/of kosten van derden,,EUR,"-3,00",EUR,"12221,69",54143e75-bd69-4232-b176-140c2ad0cb61
27-02-2026,13:39,27-02-2026,KONINKLIJKE PHILIPS NV,NL0000009538,"Koop 35 @ 27,06 EUR",,EUR,"-947,10",EUR,"12224,69",54143e75-bd69-4232-b176-140c2ad0cb61
27-02-2026,13:36,27-02-2026,WISDOMTREE PHYSICAL BITCOIN,GB00BJYDH287,DEGIRO Transactiekosten en/of kosten van derden,,EUR,"-1,00",EUR,"13171,79",d1c13d70-fc65-4325-b5aa-ded66e25d3f3
27-02-2026,13:36,27-02-2026,WISDOMTREE PHYSICAL BITCOIN,GB00BJYDH287,"Koop 75 @ 13,3539 EUR",,EUR,"-1001,54",EUR,"13172,79",d1c13d70-fc65-4325-b5aa-ded66e25d3f3
27-02-2026,13:32,27-02-2026,SHELL PLC,GB00BP6MXD84,DEGIRO Transactiekosten en/of kosten van derden,,EUR,"-3,00",EUR,"14174,33",ae837bda-5dfd-43eb-a1e6-9d0f73412925
27-02-2026,13:32,27-02-2026,SHELL PLC,GB00BP6MXD84,"Koop 30 @ 34,835 EUR",,EUR,"-1045,05",EUR,"14177,33",ae837bda-5dfd-43eb-a1e6-9d0f73412925
23-02-2026,22:40,23-02-2026,,,Degiro Cash Sweep Transfer,,EUR,"7,50",EUR,"15222,38",
23-02-2026,22:40,23-02-2026,,,"Overboeking van uw geldrekening bij flatexDEGIRO Bank 7,5 EUR",,,,EUR,"15214,88",
23-02-2026,10:49,31-01-2026,,,DEGIRO Aansluitingskosten 2026 (New York Stock Exchange - NSY),,EUR,"-2,50",EUR,"15222,38",
23-02-2026,10:49,31-01-2026,,,DEGIRO Aansluitingskosten 2026 (Nasdaq - NDQ),,EUR,"-2,50",EUR,"15224,88",
23-02-2026,10:49,31-01-2026,,,DEGIRO Aansluitingskosten 2026 (Xetra - XET),,EUR,"-2,50",EUR,"15227,38",
20-02-2026,17:40,20-02-2026,,,Degiro Cash Sweep Transfer,,EUR,"2345,07",EUR,"15229,88",
20-02-2026,17:40,20-02-2026,,,"Overboeking van uw geldrekening bij flatexDEGIRO Bank 2.345,07 EUR",,,,EUR,"12884,81",
20-02-2026,16:15,20-02-2026,ISHARES EDGE MSCI EM MIN VOL UCITS ETF,IE00B8KGV557,Valuta Creditering,"1,1767",USD,"1243,80",USD,"0,00",2da5c3d6-2067-4939-b1fc-b250c66c2a2e
20-02-2026,16:15,20-02-2026,ISHARES EDGE MSCI EM MIN VOL UCITS ETF,IE00B8KGV557,Valuta Debitering,,EUR,"-1057,07",EUR,"15229,88",2da5c3d6-2067-4939-b1fc-b250c66c2a2e
20-02-2026,16:15,20-02-2026,ISHARES EDGE MSCI EM MIN VOL UCITS ETF,IE00B8KGV557,DEGIRO Transactiekosten en/of kosten van derden,,EUR,"-3,00",EUR,"16286,95",2da5c3d6-2067-4939-b1fc-b250c66c2a2e
20-02-2026,16:15,20-02-2026,ISHARES EDGE MSCI EM MIN VOL UCITS ETF,IE00B8KGV557,"Koop 30 @ 41,46 USD",,USD,"-1243,80",USD,"-1243,80",2da5c3d6-2067-4939-b1fc-b250c66c2a2e
20-02-2026,16:13,20-02-2026,ISHARES EDGE MSCI WLD MIN VOL UCITS,IE00B8FHGS14,DEGIRO Transactiekosten en/of kosten van derden,,EUR,"-3,00",EUR,"16289,95",db146215-cb5b-4b57-883d-81bffad77cb2
20-02-2026,16:13,20-02-2026,ISHARES EDGE MSCI WLD MIN VOL UCITS,IE00B8FHGS14,"Koop 20 @ 64,1 EUR",,EUR,"-1282,00",EUR,"16292,95",db146215-cb5b-4b57-883d-81bffad77cb2
05-02-2026,18:32,05-02-2026,,,Degiro Cash Sweep Transfer,,EUR,"988,98",EUR,"17574,95",
05-02-2026,18:32,05-02-2026,,,"Overboeking van uw geldrekening bij flatexDEGIRO Bank 988,98 EUR",,,,EUR,"16585,97",
05-02-2026,15:28,05-02-2026,ISHARES S&P 500 CNSMR DSCRTNR SCTR,IE00B4MCHD36,DEGIRO Transactiekosten en/of kosten van derden,,EUR,"-1,00",EUR,"17574,95",92e450a5-77e1-48aa-a3ed-ff4e028aac2b
05-02-2026,15:28,05-02-2026,ISHARES S&P 500 CNSMR DSCRTNR SCTR,IE00B4MCHD36,"Koop 70 @ 14,114 EUR",,EUR,"-987,98",EUR,"17575,95",92e450a5-77e1-48aa-a3ed-ff4e028aac2b
26-01-2026,22:10,26-01-2026,,,Degiro Cash Sweep Transfer,,EUR,"2513,88",EUR,"18563,93",
26-01-2026,22:10,26-01-2026,,,"Overboeking van uw geldrekening bij flatexDEGIRO Bank 2.513,88 EUR",,,,EUR,"16050,05",
26-01-2026,20:02,26-01-2026,ISHARES CORE S&P 500 UCITS ETF USD,IE00B5BMR087,DEGIRO Transactiekosten en/of kosten van derden,,EUR,"-1,00",EUR,"18563,93",009b90c4-f889-488e-85ce-4d8d4d1bce43
26-01-2026,20:02,26-01-2026,ISHARES CORE S&P 500 UCITS ETF USD,IE00B5BMR087,"Koop 4 @ 628,22 EUR",,EUR,"-2512,88",EUR,"18564,93",009b90c4-f889-488e-85ce-4d8d4d1bce43
26-01-2026,18:40,26-01-2026,,,Degiro Cash Sweep Transfer,,EUR,"1881,65",EUR,"21077,81",
26-01-2026,18:40,26-01-2026,,,"Overboeking van uw geldrekening bij flatexDEGIRO Bank 1.881,65 EUR",,,,EUR,"19196,16",
26-01-2026,15:30,26-01-2026,TESLA INC,US88160R1014,Valuta Creditering,"1,1837",USD,"2225,00",USD,"0,00",8b148878-b49f-4d55-ba5b-048b6efc63a1
26-01-2026,15:30,26-01-2026,TESLA INC,US88160R1014,Valuta Debitering,,EUR,"-1879,65",EUR,"21077,81",8b148878-b49f-4d55-ba5b-048b6efc63a1
26-01-2026,15:30,26-01-2026,TESLA INC,US88160R1014,DEGIRO Transactiekosten en/of kosten van derden,,EUR,"-2,00",EUR,"22957,46",8b148878-b49f-4d55-ba5b-048b6efc63a1
26-01-2026,15:30,26-01-2026,TESLA INC,US88160R1014,Koop 5 @ 445 USD,,USD,"-2225,00",USD,"-2225,00",8b148878-b49f-4d55-ba5b-048b6efc63a1
26-01-2026,12:21,26-01-2026,,,Degiro Cash Sweep Transfer,,EUR,"1991,00",EUR,"22959,46",
26-01-2026,12:21,26-01-2026,,,Overboeking van uw geldrekening bij flatexDEGIRO Bank 1.991 EUR,,,,EUR,"20968,46",
26-01-2026,10:39,26-01-2026,ISHARES AEX UCITS ETF EUR (DIST),IE00B0M62Y33,DEGIRO Transactiekosten en/of kosten van derden,,EUR,"-1,00",EUR,"22959,46",e1392bb8-cfa4-4584-a32f-153c13c9b3a4
26-01-2026,10:39,26-01-2026,ISHARES AEX UCITS ETF EUR (DIST),IE00B0M62Y33,"Koop 20 @ 99,5 EUR",,EUR,"-1990,00",EUR,"22960,46",e1392bb8-cfa4-4584-a32f-153c13c9b3a4
16-01-2026,07:58,16-01-2026,,,Degiro Cash Sweep Transfer,,EUR,"-12,46",EUR,"24950,46",
16-01-2026,07:58,16-01-2026,,,"Overboeking naar uw geldrekening bij flatexDEGIRO Bank: 12,46 EUR",,,,EUR,"24962,92",
16-01-2026,06:36,15-01-2026,,,Valuta Creditering,,EUR,"12,46",EUR,"24950,46",
16-01-2026,06:36,15-01-2026,,,Valuta Debitering,"1,1638",USD,"-14,50",USD,"0,00",
15-01-2026,07:14,14-01-2026,PHILIP MORRIS INTERNATIONAL INC,US7181721090,Dividendbelasting,,USD,"-0,20",USD,"14,50",
15-01-2026,07:14,14-01-2026,PHILIP MORRIS INTERNATIONAL INC,US7181721090,Dividend,,USD,"1,32",USD,"14,70",
15-01-2026,07:13,14-01-2026,PHILIP MORRIS INTERNATIONAL INC,US7181721090,Dividend,,USD,"13,38",USD,"13,38",
08-01-2026,07:35,08-01-2026,,,Degiro Cash Sweep Transfer,,EUR,"-10,34",EUR,"24938,00",
08-01-2026,07:35,08-01-2026,,,"Overboeking naar uw geldrekening bij flatexDEGIRO Bank: 10,34 EUR",,,,EUR,"24948,34",
08-01-2026,06:32,07-01-2026,,,Valuta Creditering,,EUR,"10,34",EUR,"24938,00",
08-01-2026,06:32,07-01-2026,,,Valuta Debitering,"1,1703",USD,"-12,10",USD,"0,00",
07-01-2026,07:08,06-01-2026,PEPSICO INC,US7134481081,Dividend,,USD,"14,23",USD,"12,10",
07-01-2026,07:08,06-01-2026,PEPSICO INC,US7134481081,Dividendbelasting,,USD,"-2,13",USD,"-2,13",
05-01-2026,00:20,02-01-2026,,,Flatex Interest Income,,EUR,"0,00",EUR,"24927,66",
22-12-2025,18:11,22-12-2025,,,Degiro Cash Sweep Transfer,,EUR,"2,50",EUR,"24927,66",
22-12-2025,18:11,22-12-2025,,,"Overboeking van uw geldrekening bij flatexDEGIRO Bank 2,5 EUR",,,,EUR,"24925,16",
22-12-2025,15:25,30-11-2025,,,DEGIRO Aansluitingskosten 2025 (New York Stock Exchange - NSY),,EUR,"-2,50",EUR,"24927,66",
10-12-2025,10:50,10-12-2025,,,Degiro Cash Sweep Transfer,,EUR,"-4795,30",EUR,"24930,16",
10-12-2025,10:50,10-12-2025,,,"Overboeking naar uw geldrekening bij flatexDEGIRO Bank: 4.795,3 EUR",,,,EUR,"29725,46",
10-12-2025,09:04,10-12-2025,VANECK IBOXX EUR SOV CP AAA-AA 1-5 UC,NL0010273801,DEGIRO Transactiekosten en/of kosten van derden,,EUR,"-3,00",EUR,"24930,16",d8115569-e426-43ca-bf74-84f678ddb172
10-12-2025,09:04,10-12-2025,VANECK IBOXX EUR SOV CP AAA-AA 1-5 UC,NL0010273801,"Verkoop 100 @ 19,09 EUR",,EUR,"1909,00",EUR,"24933,16",d8115569-e426-43ca-bf74-84f678ddb172
10-12-2025,09:00,10-12-2025,ASML HOLDING NV,NL0010273215,DEGIRO Transactiekosten en/of kosten van derden,,EUR,"-3,00",EUR,"23024,16",98d0b3f5-7728-4fa8-bb00-79a4123b9fa2
10-12-2025,09:00,10-12-2025,ASML HOLDING NV,NL0010273215,"Verkoop 3 @ 964,1 EUR",,EUR,"2892,30",EUR,"23027,16",98d0b3f5-7728-4fa8-bb00-79a4123b9fa2
02-12-2025,11:03,02-12-2025,,,"Overboeking naar uw geldrekening bij flatexDEGIRO Bank: 2.777,22 EUR",,,,EUR,"20134,86",
02-12-2025,11:03,02-12-2025,,,Degiro Cash Sweep Transfer,,EUR,"-2777,22",EUR,"17357,64",
02-12-2025,09:04,02-12-2025,VANGUARD S&P 500 UCITS ETF USD DIS,IE00B3XXRP09,DEGIRO Transactiekosten en/of kosten van derden,,EUR,"-3,00",EUR,"20134,86",03c5551f-2a40-42fb-b9e9-6549912f3e53
02-12-2025,09:04,02-12-2025,VANGUARD S&P 500 UCITS ETF USD DIS,IE00B3XXRP09,"Verkoop 25 @ 111,209 EUR",,EUR,"2780,22",EUR,"20137,86",03c5551f-2a40-42fb-b9e9-6549912f3e53
21-11-2025,18:50,21-11-2025,,,"Overboeking naar uw geldrekening bij flatexDEGIRO Bank: 1.683,02 EUR",,,,EUR,"17357,64",
21-11-2025,18:50,21-11-2025,,,Degiro Cash Sweep Transfer,,EUR,"-1683,02",EUR,"15674,62",
21-11-2025,16:22,21-11-2025,TESLA INC,US88160R1014,Valuta Debitering,"1,1541",USD,"-1944,65",USD,"0,00",d8e303cf-df36-4bea-a030-a28ac09cccc6
21-11-2025,16:22,21-11-2025,TESLA INC,US88160R1014,Valuta Creditering,,EUR,"1685,02",EUR,"17357,64",d8e303cf-df36-4bea-a030-a28ac09cccc6
21-11-2025,16:22,21-11-2025,TESLA INC,US88160R1014,DEGIRO Transactiekosten en/of kosten van derden,,EUR,"-2,00",EUR,"15672,62",d8e303cf-df36-4bea-a030-a28ac09cccc6
21-11-2025,16:22,21-11-2025,TESLA INC,US88160R1014,"Verkoop 5 @ 388,93 USD",,USD,"1944,65",USD,"1944,65",d8e303cf-df36-4bea-a030-a28ac09cccc6
21-11-2025,08:32,21-11-2025,,,"Overboeking naar uw geldrekening bij flatexDEGIRO Bank: 2,1 EUR",,,,EUR,"15674,62",
21-11-2025,08:32,21-11-2025,,,Degiro Cash Sweep Transfer,,EUR,"-2,10",EUR,"15672,52",
21-11-2025,07:43,20-11-2025,ANHEUSER-BUSCH INBEV SA,BE0974293251,Dividendbelasting,,EUR,"-0,90",EUR,"15674,62",
21-11-2025,07:43,20-11-2025,ANHEUSER-BUSCH INBEV SA,BE0974293251,Dividend,,EUR,"3,00",EUR,"15675,52",
10-11-2025,16:50,10-11-2025,,,"Overboeking van uw geldrekening bij flatexDEGIRO Bank 1.906,89 EUR",,,,EUR,"15672,52",
10-11-2025,16:50,10-11-2025,,,Degiro Cash Sweep Transfer,,EUR,"1906,89",EUR,"17579,41",
10-11-2025,15:30,10-11-2025,TESLA INC,US88160R1014,Valuta Creditering,"1,1536",USD,"2197,50",USD,"0,00",62c2be0a-10d8-45b6-9a4c-b9d44b0921d2
10-11-2025,15:30,10-11-2025,TESLA INC,US88160R1014,Valuta Debitering,,EUR,"-1904,89",EUR,"15672,52",62c2be0a-10d8-45b6-9a4c-b9d44b0921d2
10-11-2025,15:30,10-11-2025,TESLA INC,US88160R1014,DEGIRO Transactiekosten en/of kosten van derden,,EUR,"-2,00",EUR,"17577,41",62c2be0a-10d8-45b6-9a4c-b9d44b0921d2
10-11-2025,15:30,10-11-2025,TESLA INC,US88160R1014,"Koop 5 @ 439,5 USD",,USD,"-2197,50",USD,"-2197,50",62c2be0a-10d8-45b6-9a4c-b9d44b0921d2
10-11-2025,08:30,10-11-2025,,,"Overboeking van uw geldrekening bij flatexDEGIRO Bank 1.371,97 EUR",,,,EUR,"17579,41",
10-11-2025,08:30,10-11-2025,,,Degiro Cash Sweep Transfer,,EUR,"1371,97",EUR,"18951,38",
10-11-2025,07:30,10-11-2025,ISHARES PHYSICAL GOLD ETC,IE00B4ND3602,DEGIRO Transactiekosten en/of kosten van derden,,EUR,"-1,00",EUR,"17579,41",6017fd22-b444-4fb8-a7b8-35e9a20b2530
10-11-2025,07:30,10-11-2025,ISHARES PHYSICAL GOLD ETC,IE00B4ND3602,"Koop 20 @ 68,5487 EUR",,EUR,"-1370,97",EUR,"17580,41",6017fd22-b444-4fb8-a7b8-35e9a20b2530
07-11-2025,10:14,07-11-2025,,,"Overboeking naar uw geldrekening bij flatexDEGIRO Bank: 4,08 EUR",,,,EUR,"18951,38",
07-11-2025,10:14,07-11-2025,,,Degiro Cash Sweep Transfer,,EUR,"-4,08",EUR,"18947,30",
07-11-2025,07:32,06-11-2025,ASML HOLDING NV,NL0010273215,Dividend,,EUR,"4,80",EUR,"18951,38",
07-11-2025,07:32,06-11-2025,ASML HOLDING NV,NL0010273215,Dividendbelasting,,EUR,"-0,72",EUR,"18946,58",
06-11-2025,10:30,06-11-2025,,,"Overboeking van uw geldrekening bij flatexDEGIRO Bank 1.077,2 EUR",,,,EUR,"18947,30",
06-11-2025,10:30,06-11-2025,,,Degiro Cash Sweep Transfer,,EUR,"1077,20",EUR,"20024,50",
06-11-2025,09:04,06-11-2025,VANECK DEFENSE UCITS ETF,IE000YYE6WK5,DEGIRO Transactiekosten en/of kosten van derden,,EUR,"-3,00",EUR,"18947,30",88199ef5-3f60-4fbf-8710-8e3c672460a7
06-11-2025,09:04,06-11-2025,VANECK DEFENSE UCITS ETF,IE000YYE6WK5,"Koop 20 @ 53,71 EUR",,EUR,"-1074,20",EUR,"18950,30",88199ef5-3f60-4fbf-8710-8e3c672460a7
06-11-2025,07:30,06-11-2025,,,"Overboeking naar uw geldrekening bij flatexDEGIRO Bank: 0,01 EUR",,,,EUR,"20024,50",
06-11-2025,07:30,06-11-2025,,,Degiro Cash Sweep Transfer,,EUR,"-0,01",EUR,"20024,49",
06-11-2025,06:31,05-11-2025,,,Valuta Creditering,,EUR,"0,01",EUR,"20024,50",
06-11-2025,06:31,05-11-2025,,,Valuta Debitering,"1,1522",USD,"-0,01",USD,"0,00",
05-11-2025,22:21,05-11-2025,,,"Overboeking naar uw geldrekening bij flatexDEGIRO Bank: 2.012,51 EUR",,,,EUR,"20024,49",
05-11-2025,22:21,05-11-2025,,,Degiro Cash Sweep Transfer,,EUR,"-2012,51",EUR,"18011,98",
05-11-2025,20:38,05-11-2025,TESLA INC,US88160R1014,Valuta Debitering,"1,1514",USD,"-2319,45",USD,"0,01",6cfcf664-b31a-4579-8741-bebbdde165d0
05-11-2025,20:38,05-11-2025,TESLA INC,US88160R1014,Valuta Creditering,,EUR,"2014,51",EUR,"20024,49",6cfcf664-b31a-4579-8741-bebbdde165d0
05-11-2025,20:38,05-11-2025,TESLA INC,US88160R1014,DEGIRO Transactiekosten en/of kosten van derden,,EUR,"-2,00",EUR,"18009,98",6cfcf664-b31a-4579-8741-bebbdde165d0
05-11-2025,20:38,05-11-2025,TESLA INC,US88160R1014,"Verkoop 5 @ 463,89 USD",,USD,"2319,45",USD,"2319,46",6cfcf664-b31a-4579-8741-bebbdde165d0
05-11-2025,20:30,05-11-2025,,,"Overboeking van uw geldrekening bij flatexDEGIRO Bank 2.540,31 EUR",,,,EUR,"18011,98",
05-11-2025,20:30,05-11-2025,,,Degiro Cash Sweep Transfer,,EUR,"2540,31",EUR,"20552,29",
05-11-2025,19:45,05-11-2025,PEPSICO INC,US7134481081,Valuta Creditering,"1,1451",USD,"712,08",USD,"0,01",6e2fc619-f454-4b7b-ace4-bc4c721a2065
05-11-2025,19:45,05-11-2025,PEPSICO INC,US7134481081,Valuta Debitering,,EUR,"-621,83",EUR,"18011,98",6e2fc619-f454-4b7b-ace4-bc4c721a2065
05-11-2025,19:45,05-11-2025,PEPSICO INC,US7134481081,Valuta Creditering,"1,1451",USD,"712,08",USD,"-712,07",6e2fc619-f454-4b7b-ace4-bc4c721a2065
05-11-2025,19:45,05-11-2025,PEPSICO INC,US7134481081,Valuta Debitering,,EUR,"-621,83",EUR,"18633,81",6e2fc619-f454-4b7b-ace4-bc4c721a2065
05-11-2025,19:45,05-11-2025,PEPSICO INC,US7134481081,DEGIRO Transactiekosten en/of kosten van derden,,EUR,"-2,00",EUR,"19255,64",6e2fc619-f454-4b7b-ace4-bc4c721a2065
05-11-2025,19:45,05-11-2025,PEPSICO INC,US7134481081,"Koop 5 @ 142,415 USD",,USD,"-712,08",USD,"-1424,15",6e2fc619-f454-4b7b-ace4-bc4c721a2065
05-11-2025,19:45,05-11-2025,PEPSICO INC,US7134481081,"Koop 5 @ 142,415 USD",,USD,"-712,08",USD,"-712,07",6e2fc619-f454-4b7b-ace4-bc4c721a2065
05-11-2025,19:44,05-11-2025,PHILIP MORRIS INTERNATIONAL INC,US7181721090,Valuta Creditering,"1,1451",USD,"1480,25",USD,"0,00",81192c9a-8f75-4e24-8d42-0b22289a1566
05-11-2025,19:44,05-11-2025,PHILIP MORRIS INTERNATIONAL INC,US7181721090,Valuta Debitering,,EUR,"-1292,65",EUR,"19257,64",81192c9a-8f75-4e24-8d42-0b22289a1566
05-11-2025,19:44,05-11-2025,PHILIP MORRIS INTERNATIONAL INC,US7181721090,DEGIRO Transactiekosten en/of kosten van derden,,EUR,"-2,00",EUR,"20550,29",81192c9a-8f75-4e24-8d42-0b22289a1566
05-11-2025,19:44,05-11-2025,PHILIP MORRIS INTERNATIONAL INC,US7181721090,"Koop 10 @ 148,025 USD",,USD,"-1480,25",USD,"-1480,25",81192c9a-8f75-4e24-8d42-0b22289a1566
24-10-2025,10:20,24-10-2025,,,"Overboeking van uw geldrekening bij flatexDEGIRO Bank 4.819,3 EUR",,,,EUR,"20552,29",
24-10-2025,10:20,24-10-2025,,,Degiro Cash Sweep Transfer,,EUR,"4819,30",EUR,"25371,59",
24-10-2025,09:00,24-10-2025,ASML HOLDING NV,NL0010273215,DEGIRO Transactiekosten en/of kosten van derden,,EUR,"-3,00",EUR,"20552,29",b936e7d1-885d-434d-b7c5-85a29daf1e5e
24-10-2025,09:00,24-10-2025,ASML HOLDING NV,NL0010273215,Koop 3 @ 900 EUR,,EUR,"-2700,00",EUR,"20555,29",b936e7d1-885d-434d-b7c5-85a29daf1e5e
24-10-2025,09:00,24-10-2025,HEINEKEN NV,NL0000009165,DEGIRO Transactiekosten en/of kosten van derden,,EUR,"-3,00",EUR,"23255,29",30d6db15-03c4-4477-bf8a-4c698ed8922d
24-10-2025,09:00,24-10-2025,HEINEKEN NV,NL0000009165,"Koop 12 @ 70,1 EUR",,EUR,"-841,20",EUR,"23258,29",30d6db15-03c4-4477-bf8a-4c698ed8922d
24-10-2025,09:00,24-10-2025,HEINEKEN NV,NL0000009165,"Koop 3 @ 70,1 EUR",,EUR,"-210,30",EUR,"24099,49",30d6db15-03c4-4477-bf8a-4c698ed8922d
24-10-2025,09:00,24-10-2025,ANHEUSER-BUSCH INBEV SA,BE0974293251,DEGIRO Transactiekosten en/of kosten van derden,,EUR,"-3,00",EUR,"24309,79",8c617dd4-2310-4fb4-9ee6-d260726850e0
24-10-2025,09:00,24-10-2025,ANHEUSER-BUSCH INBEV SA,BE0974293251,"Koop 20 @ 52,94 EUR",,EUR,"-1058,80",EUR,"24312,79",8c617dd4-2310-4fb4-9ee6-d260726850e0
21-10-2025,01:34,20-10-2025,,,iDEAL Deposit,,EUR,"25000,00",EUR,"25371,59",
21-10-2025,01:34,20-10-2025,,,Reservation iDEAL,,EUR,"-25000,00",EUR,"371,59",
20-10-2025,11:24,20-10-2025,,,Reservation iDEAL,,EUR,"25000,00",EUR,"25371,59",
06-10-2025,07:10,30-09-2025,,,Flatex Interest Income,,EUR,"0,00",EUR,"371,59",
03-10-2025,13:03,03-10-2025,,,Degiro Cash Sweep Transfer,,EUR,"-6,41",EUR,"371,59",
03-10-2025,13:03,03-10-2025,,,"Overboeking naar uw geldrekening bij flatexDEGIRO Bank: 6,41 EUR",,,,EUR,"378,00",
03-10-2025,07:01,02-10-2025,,,Valuta Creditering,,EUR,"6,41",EUR,"371,59",
03-10-2025,07:01,02-10-2025,,,Valuta Debitering,"1,1744",USD,"-7,53",USD,"0,00",
02-10-2025,07:45,01-10-2025,VANGUARD S&P 500 UCITS ETF USD DIS,IE00B3XXRP09,Dividend,,USD,"7,53",USD,"7,53",
17-07-2025,18:40,17-07-2025,,,"Overboeking naar uw geldrekening bij flatexDEGIRO Bank: 2,12 EUR",,,,EUR,"365,18",
17-07-2025,18:40,17-07-2025,,,Degiro Cash Sweep Transfer,,EUR,"-2,12",EUR,"363,06",
17-07-2025,17:14,17-07-2025,,,DEGIRO Geldmarktfondsen Compensatie,,EUR,"2,12",EUR,"365,18",
06-07-2025,07:42,30-06-2025,,,Flatex Interest Income,,EUR,"0,00",EUR,"363,06",
04-07-2025,07:57,04-07-2025,,,"Overboeking naar uw geldrekening bij flatexDEGIRO Bank: 6,63 EUR",,,,EUR,"363,06",
04-07-2025,07:57,04-07-2025,,,Degiro Cash Sweep Transfer,,EUR,"-6,63",EUR,"356,43",
04-07-2025,06:39,03-07-2025,,,Valuta Creditering,,EUR,"6,63",EUR,"363,06",
04-07-2025,06:39,03-07-2025,,,Valuta Debitering,"1,1787",USD,"-7,82",USD,"0,00",
03-07-2025,07:34,02-07-2025,VANGUARD S&P 500 UCITS ETF USD DIS,IE00B3XXRP09,Dividend,,USD,"7,82",USD,"7,82",
01-07-2025,17:42,01-07-2025,,,Overboeking van uw geldrekening bij flatexDEGIRO Bank 5 EUR,,,,EUR,"356,43",
01-07-2025,17:42,01-07-2025,,,Degiro Cash Sweep Transfer,,EUR,"5,00",EUR,"361,43",
01-07-2025,16:53,30-06-2025,,,DEGIRO Aansluitingskosten 2025 (Nasdaq - NDQ),,EUR,"-2,50",EUR,"356,43",
01-07-2025,16:53,30-06-2025,,,DEGIRO Aansluitingskosten 2025 (Xetra - XET),,EUR,"-2,50",EUR,"358,93",
09-06-2025,10:20,09-06-2025,,,"Overboeking van uw geldrekening bij flatexDEGIRO Bank 8.312,13 EUR",,,,EUR,"361,43",
09-06-2025,10:20,09-06-2025,,,Degiro Cash Sweep Transfer,,EUR,"8312,13",EUR,"8673,56",
09-06-2025,09:04,09-06-2025,VANGUARD S&P 500 UCITS ETF USD DIS,IE00B3XXRP09,DEGIRO Transactiekosten en/of kosten van derden,,EUR,"-1,00",EUR,"361,43",b14a03fa-5192-4fc8-9451-665ebae91c84
09-06-2025,09:04,09-06-2025,VANGUARD S&P 500 UCITS ETF USD DIS,IE00B3XXRP09,"Koop 25 @ 99,697 EUR",,EUR,"-2492,42",EUR,"362,43",b14a03fa-5192-4fc8-9451-665ebae91c84
09-06-2025,09:04,09-06-2025,ISHARES CORE MSCI WORLD UCITS ETF USD,IE00B4L5Y983,DEGIRO Transactiekosten en/of kosten van derden,,EUR,"-1,00",EUR,"2854,86",8d0627b4-2a0d-4567-b314-02b08033414b
09-06-2025,09:04,09-06-2025,ISHARES CORE MSCI WORLD UCITS ETF USD,IE00B4L5Y983,"Koop 15 @ 100,43 EUR",,EUR,"-1506,45",EUR,"2855,86",8d0627b4-2a0d-4567-b314-02b08033414b
09-06-2025,09:04,09-06-2025,VANECK IBOXX EUR SOV CP AAA-AA 1-5 UC,NL0010273801,DEGIRO Transactiekosten en/of kosten van derden,,EUR,"-3,00",EUR,"4362,31",1d145a9d-5162-4304-b1f3-c68ffcb1283a
09-06-2025,09:04,09-06-2025,VANECK DEFENSE UCITS ETF,IE000YYE6WK5,DEGIRO Transactiekosten en/of kosten van derden,,EUR,"-3,00",EUR,"4365,31",9a32b9a1-8aca-4ee2-8c28-c620e95f5fd6
09-06-2025,09:04,09-06-2025,VANECK IBOXX EUR SOV CP AAA-AA 1-5 UC,NL0010273801,"Koop 100 @ 19,1 EUR",,EUR,"-1910,00",EUR,"4368,31",1d145a9d-5162-4304-b1f3-c68ffcb1283a
09-06-2025,09:04,09-06-2025,VANECK DEFENSE UCITS ETF,IE000YYE6WK5,"Koop 50 @ 47,905 EUR",,EUR,"-2395,25",EUR,"6278,31",9a32b9a1-8aca-4ee2-8c28-c620e95f5fd6
06-06-2025,19:30,06-06-2025,,,"Overboeking van uw geldrekening bij flatexDEGIRO Bank 1.326,44 EUR",,,,EUR,"8673,56",
06-06-2025,19:30,06-06-2025,,,Degiro Cash Sweep Transfer,,EUR,"1326,44",EUR,"10000,00",
06-06-2025,18:37,06-06-2025,TESLA INC,US88160R1014,Valuta Creditering,"1,1363",USD,"1504,90",USD,"0,00",a1faa494-3b53-4cfe-8e7a-a1bfb27a51ce
06-06-2025,18:37,06-06-2025,TESLA INC,US88160R1014,Valuta Debitering,,EUR,"-1324,44",EUR,"8673,56",a1faa494-3b53-4cfe-8e7a-a1bfb27a51ce
06-06-2025,18:37,06-06-2025,TESLA INC,US88160R1014,DEGIRO Transactiekosten en/of kosten van derden,,EUR,"-2,00",EUR,"9998,00",a1faa494-3b53-4cfe-8e7a-a1bfb27a51ce
06-06-2025,18:37,06-06-2025,TESLA INC,US88160R1014,"Koop 5 @ 300,98 USD",,USD,"-1504,90",USD,"-1504,90",a1faa494-3b53-4cfe-8e7a-a1bfb27a51ce
05-04-2025,17:01,31-03-2025,,,Flatex Interest Income,,EUR,"0,00",EUR,"10000,00",
21-01-2025,05:15,20-01-2025,,,iDEAL Deposit,,EUR,"10000,00",EUR,"10000,00",
21-01-2025,05:15,20-01-2025,,,Reservation iDEAL,,EUR,"-10000,00",EUR,"0,00",
17-01-2025,18:24,17-01-2025,,,Reservation iDEAL,,EUR,"10000,00",EUR,"10000,00",
09-01-2025,15:41,02-01-2025,,,Flatex Interest Income,,EUR,"0,00",EUR,"0,00",
06-10-2024,22:50,30-09-2024,,,Flatex Interest Income,,EUR,"0,00",EUR,"0,00",
06-07-2024,11:10,30-06-2024,,,Flatex Interest Income,,EUR,"0,00",EUR,"0,00",
06-04-2024,10:21,31-03-2024,,,Flatex Interest Income,,EUR,"0,00",EUR,"0,00",
05-04-2024,07:30,05-04-2024,,,Processed Flatex Withdrawal,,EUR,"1002,00",EUR,"0,00",
05-04-2024,07:30,05-04-2024,,,flatex terugstorting,,EUR,"-1002,00",EUR,"-1002,00",
04-04-2024,11:41,04-04-2024,,,Processed Flatex Withdrawal,,EUR,"-1002,00",EUR,"0,00",
02-01-2024,10:50,02-01-2024,,,Flatex Interest Income,,EUR,"0,00",EUR,"1002,00",
02-10-2023,16:31,30-09-2023,,,Flatex Interest Income,,EUR,"0,00",EUR,"1002,00",
01-07-2023,22:01,30-06-2023,,,Flatex Interest Income,,EUR,"0,00",EUR,"1002,00",
02-04-2023,01:01,31-03-2023,,,Flatex Interest Income,,EUR,"0,00",EUR,"1002,00",
04-01-2023,07:21,02-01-2023,,,Flatex Interest Income,,EUR,"0,00",EUR,"1002,00",
01-10-2022,10:21,30-09-2022,,,Flatex Interest,,EUR,"-0,42",EUR,"1002,00",
02-07-2022,02:11,30-06-2022,,,Flatex Interest,,EUR,"-1,91",EUR,"1002,42",
12-05-2022,05:48,11-05-2022,,,"Overboeking naar uw geldrekening bij flatexDEGIRO Bank: 4,33 EUR",,,,EUR,"1004,33",
12-05-2022,05:48,11-05-2022,FLATEX EURO BANKACCOUNT,NLFLATEXACNT,Degiro Cash Sweep Transfer,,EUR,"-4,33",EUR,"1000,00",
11-05-2022,07:46,06-05-2022,SMURFIT KAPPA GROUP PLC,IE00B1RR8406,Dividend,,EUR,"5,77",EUR,"1004,33",
11-05-2022,07:46,06-05-2022,SMURFIT KAPPA GROUP PLC,IE00B1RR8406,Dividendbelasting,,EUR,"-1,44",EUR,"998,56",
27-04-2022,23:20,28-04-2022,,,Processed Flatex Withdrawal,,EUR,"1219,92",EUR,"1000,00",
27-04-2022,23:20,28-04-2022,,,flatex terugstorting,,EUR,"-1219,92",EUR,"-219,92",
27-04-2022,13:30,27-04-2022,,,Processed Flatex Withdrawal,,EUR,"-1219,92",EUR,"1000,00",
12-04-2022,13:10,12-04-2022,,,Processed Flatex Withdrawal,,EUR,"4000,00",EUR,"2219,92",
12-04-2022,13:10,12-04-2022,,,flatex terugstorting,,EUR,"-4000,00",EUR,"-1780,08",
09-04-2022,10:46,09-04-2022,,,Processed Flatex Withdrawal,,EUR,"-4000,00",EUR,"2219,92",
08-04-2022,18:47,08-04-2022,,,"Overboeking naar uw geldrekening bij flatexDEGIRO Bank: 4.052,11 EUR",,,,EUR,"6219,92",
08-04-2022,18:47,08-04-2022,FLATEX EURO BANKACCOUNT,NLFLATEXACNT,Degiro Cash Sweep Transfer,,EUR,"-4052,11",EUR,"2167,81",
08-04-2022,10:02,07-04-2022,,,"Overboeking naar uw geldrekening bij flatexDEGIRO Bank: 217,74 EUR",,,,EUR,"6219,92",
08-04-2022,10:02,07-04-2022,FLATEX EURO BANKACCOUNT,NLFLATEXACNT,Degiro Cash Sweep Transfer,,EUR,"-217,74",EUR,"6002,18",
08-04-2022,09:00,08-04-2022,KONINKLIJKE HEIJMANS NV,NL0009269109,DEGIRO Transactiekosten en/of kosten van derden,,EUR,"-2,50",EUR,"6219,92",2a5a4f2a-76f6-4056-be44-8db9614ffe02
08-04-2022,09:00,08-04-2022,KONINKLIJKE HEIJMANS NV,NL0009269109,"Verkoop 143 @ 14,14 EUR",,EUR,"2022,02",EUR,"6222,42",2a5a4f2a-76f6-4056-be44-8db9614ffe02
08-04-2022,09:00,08-04-2022,ASML HOLDING NV,NL0010273215,DEGIRO Transactiekosten en/of kosten van derden,,EUR,"-2,50",EUR,"4200,40",7872499f-f836-47c3-b25e-69ac1af65aec
08-04-2022,09:00,08-04-2022,ASML HOLDING NV,NL0010273215,Verkoop 3 @ 582 EUR,,EUR,"1746,00",EUR,"4202,90",7872499f-f836-47c3-b25e-69ac1af65aec
08-04-2022,09:00,08-04-2022,RANDSTAD NV,NL0000379121,DEGIRO Transactiekosten en/of kosten van derden,,EUR,"-2,50",EUR,"2456,90",49978872-f4f3-47d2-b170-357f44562e91
08-04-2022,09:00,08-04-2022,RANDSTAD NV,NL0000379121,"Verkoop 3 @ 50,98 EUR",,EUR,"152,94",EUR,"2459,40",49978872-f4f3-47d2-b170-357f44562e91
08-04-2022,09:00,08-04-2022,KONINKLIJKE PHILIPS NV,NL0000009538,DEGIRO Transactiekosten en/of kosten van derden,,EUR,"-2,50",EUR,"2306,46",4834b71f-c053-4c6e-a5c2-49af772d0517
08-04-2022,09:00,08-04-2022,KONINKLIJKE PHILIPS NV,NL0000009538,"Verkoop 2 @ 28,23 EUR",,EUR,"56,46",EUR,"2308,96",4834b71f-c053-4c6e-a5c2-49af772d0517
08-04-2022,09:00,08-04-2022,KONINKLIJKE PHILIPS NV,NL0000009538,"Verkoop 3 @ 28,23 EUR",,EUR,"84,69",EUR,"2252,50",4834b71f-c053-4c6e-a5c2-49af772d0517
07-04-2022,20:45,07-04-2022,SMURFIT KAPPA GROUP PLC,IE00B1RR8406,DEGIRO Transactiekosten en/of kosten van derden,,EUR,"-3,90",EUR,"2167,81",1949014a-c97e-46b4-b29a-e5f760f14db1
07-04-2022,20:45,07-04-2022,SMURFIT KAPPA GROUP PLC,IE00B1RR8406,"Verkoop 6 @ 36,94 EUR",,EUR,"221,64",EUR,"2171,71",1949014a-c97e-46b4-b29a-e5f760f14db1
05-04-2022,17:17,05-04-2022,,,"Overboeking naar uw geldrekening bij flatexDEGIRO Bank: 5,58 EUR",,,,EUR,"1950,07",
05-04-2022,17:17,05-04-2022,FLATEX EURO BANKACCOUNT,NLFLATEXACNT,Degiro Cash Sweep Transfer,,EUR,"-5,58",EUR,"1944,49",
05-04-2022,10:27,05-04-2022,RANDSTAD NV,NL0000379121,Dividend,,EUR,"6,57",EUR,"1950,07",
05-04-2022,10:27,05-04-2022,RANDSTAD NV,NL0000379121,Dividendbelasting,,EUR,"-0,99",EUR,"1943,50",
02-04-2022,03:50,31-03-2022,,,Flatex Interest,,EUR,"-1,62",EUR,"1944,49",
07-03-2022,12:17,04-03-2022,,,"Overboeking van uw geldrekening bij flatexDEGIRO Bank 1.652,5 EUR",,,,EUR,"1946,11",
07-03-2022,12:17,04-03-2022,FLATEX EURO BANKACCOUNT,NLFLATEXACNT,Degiro Cash Sweep Transfer,,EUR,"1652,50",EUR,"3598,61",
04-03-2022,15:42,04-03-2022,ASML HOLDING NV,NL0010273215,DEGIRO Transactiekosten en/of kosten van derden,,EUR,"-2,50",EUR,"1946,11",7178c7aa-b6d3-4a56-b2a5-b18c7b940abb
04-03-2022,15:42,04-03-2022,ASML HOLDING NV,NL0010273215,Koop 3 @ 550 EUR,,EUR,"-1650,00",EUR,"1948,61",7178c7aa-b6d3-4a56-b2a5-b18c7b940abb
21-02-2022,16:32,21-02-2022,,,"Overboeking van uw geldrekening bij flatexDEGIRO Bank 1.401,39 EUR",,,,EUR,"3598,61",
21-02-2022,16:32,21-02-2022,FLATEX EURO BANKACCOUNT,NLFLATEXACNT,Degiro Cash Sweep Transfer,,EUR,"1401,39",EUR,"5000,00",
19-02-2022,09:50,18-02-2022,,,iDEAL Deposit,,EUR,"5000,00",EUR,"3598,61",
19-02-2022,09:50,18-02-2022,,,Reservation iDEAL,,EUR,"-5000,00",EUR,"-1401,39",
18-02-2022,17:02,18-02-2022,,,"Overboeking van uw geldrekening bij flatexDEGIRO Bank 33,11 EUR",,,,EUR,"3598,61",
18-02-2022,17:02,18-02-2022,FLATEX EURO BANKACCOUNT,NLFLATEXACNT,Degiro Cash Sweep Transfer,,EUR,"33,11",EUR,"3631,72",
18-02-2022,14:04,18-02-2022,KONINKLIJKE HEIJMANS NV,NL0009269109,DEGIRO Transactiekosten en/of kosten van derden,,EUR,"-2,50",EUR,"3598,61",370066be-42dd-456d-8404-d31a943eea1b
18-02-2022,14:04,18-02-2022,KONINKLIJKE HEIJMANS NV,NL0009269109,"Koop 100 @ 14,32 EUR",,EUR,"-1432,00",EUR,"3601,11",370066be-42dd-456d-8404-d31a943eea1b
18-02-2022,13:54,18-02-2022,,,Reservation iDEAL,,EUR,"5000,00",EUR,"5033,11",
04-02-2022,10:17,03-02-2022,,,"Overboeking van uw geldrekening bij flatexDEGIRO Bank 2,5 EUR",,,,EUR,"33,11",
04-02-2022,10:17,03-02-2022,FLATEX EURO BANKACCOUNT,NLFLATEXACNT,Degiro Cash Sweep Transfer,,EUR,"2,50",EUR,"35,61",
03-02-2022,10:07,31-01-2022,,,DEGIRO Aansluitingskosten 2022 (Tradegate AG - TDG),,EUR,"-2,50",EUR,"33,11",
31-12-2021,11:20,31-12-2021,,,Flatex Interest,,EUR,"-0,04",EUR,"35,61",
26-10-2021,10:17,25-10-2021,,,"Overboeking naar uw geldrekening bij flatexDEGIRO Bank: 1,32 EUR",,,,EUR,"35,65",
26-10-2021,10:17,25-10-2021,FLATEX EURO BANKACCOUNT,NLFLATEXACNT,Degiro Cash Sweep Transfer,,EUR,"-1,32",EUR,"34,33",
25-10-2021,07:23,22-10-2021,SMURFIT KAPPA GROUP PLC,IE00B1RR8406,Dividend,,EUR,"1,76",EUR,"35,65",
25-10-2021,07:23,22-10-2021,SMURFIT KAPPA GROUP PLC,IE00B1RR8406,Dividendbelasting,,EUR,"-0,44",EUR,"33,89",
06-10-2021,11:53,05-10-2021,,,"Overboeking naar uw geldrekening bij flatexDEGIRO Bank: 4,13 EUR",,,,EUR,"34,33",
06-10-2021,11:53,05-10-2021,FLATEX EURO BANKACCOUNT,NLFLATEXACNT,Degiro Cash Sweep Transfer,,EUR,"-4,13",EUR,"30,20",
05-10-2021,08:06,04-10-2021,RANDSTAD NV,NL0000379121,Dividend,,EUR,"4,86",EUR,"34,33",
05-10-2021,08:06,04-10-2021,RANDSTAD NV,NL0000379121,Dividendbelasting,,EUR,"-0,73",EUR,"29,47",
02-10-2021,06:10,30-09-2021,,,Flatex Interest,,EUR,"-0,65",EUR,"30,20",
03-09-2021,12:33,02-09-2021,,,"Overboeking van uw geldrekening bij flatexDEGIRO Bank 2,5 EUR",,,,EUR,"30,85",
03-09-2021,12:33,02-09-2021,FLATEX EURO BANKACCOUNT,NLFLATEXACNT,Degiro Cash Sweep Transfer,,EUR,"2,50",EUR,"33,35",
02-09-2021,21:29,31-08-2021,,,DEGIRO Aansluitingskosten 2021 (Tradegate AG - TDG),,EUR,"-2,50",EUR,"30,85",
27-08-2021,10:16,26-08-2021,,,"Overboeking van uw geldrekening bij flatexDEGIRO Bank 299,34 EUR",,,,EUR,"33,35",
27-08-2021,10:16,26-08-2021,FLATEX EURO BANKACCOUNT,NLFLATEXACNT,Degiro Cash Sweep Transfer,,EUR,"299,34",EUR,"332,69",
26-08-2021,09:22,26-08-2021,SMURFIT KAPPA GROUP PLC,IE00B1RR8406,DEGIRO Transactiekosten en/of kosten van derden,,EUR,"-3,90",EUR,"33,35",04944867-499b-4a15-b4ff-d5dad8fde4fa
26-08-2021,09:22,26-08-2021,SMURFIT KAPPA GROUP PLC,IE00B1RR8406,"Koop 6 @ 49,24 EUR",,EUR,"-295,44",EUR,"37,25",04944867-499b-4a15-b4ff-d5dad8fde4fa
23-08-2021,10:46,20-08-2021,,,"Overboeking van uw geldrekening bij flatexDEGIRO Bank 522,46 EUR",,,,EUR,"332,69",
23-08-2021,10:46,20-08-2021,FLATEX EURO BANKACCOUNT,NLFLATEXACNT,Degiro Cash Sweep Transfer,,EUR,"522,46",EUR,"855,15",
20-08-2021,10:26,20-08-2021,KONINKLIJKE HEIJMANS NV,NL0009269109,DEGIRO Transactiekosten en/of kosten van derden,,EUR,"-0,16",EUR,"332,69",061be185-81c7-4bc5-a388-5d23ff6ecae7
20-08-2021,10:26,20-08-2021,KONINKLIJKE HEIJMANS NV,NL0009269109,DEGIRO Transactiekosten en/of kosten van derden,,EUR,"-2,00",EUR,"332,85",061be185-81c7-4bc5-a388-5d23ff6ecae7
20-08-2021,10:26,20-08-2021,KONINKLIJKE HEIJMANS NV,NL0009269109,"Koop 43 @ 12,1 EUR",,EUR,"-520,30",EUR,"334,85",061be185-81c7-4bc5-a388-5d23ff6ecae7
05-08-2021,12:32,04-08-2021,,,"Overboeking van uw geldrekening bij flatexDEGIRO Bank 192,06 EUR",,,,EUR,"855,15",
05-08-2021,12:32,04-08-2021,FLATEX EURO BANKACCOUNT,NLFLATEXACNT,Degiro Cash Sweep Transfer,,EUR,"192,06",EUR,"1047,21",
04-08-2021,09:21,04-08-2021,KONINKLIJKE PHILIPS NV,NL0000009538,DEGIRO Transactiekosten en/of kosten van derden,,EUR,"-0,06",EUR,"855,15",c28da937-abda-4adf-9cb1-a209fa154a9f
04-08-2021,09:21,04-08-2021,KONINKLIJKE PHILIPS NV,NL0000009538,DEGIRO Transactiekosten en/of kosten van derden,,EUR,"-2,00",EUR,"855,21",c28da937-abda-4adf-9cb1-a209fa154a9f
04-08-2021,09:21,04-08-2021,KONINKLIJKE PHILIPS NV,NL0000009538,Koop 5 @ 38 EUR,,EUR,"-190,00",EUR,"857,21",c28da937-abda-4adf-9cb1-a209fa154a9f
23-07-2021,08:41,22-07-2021,,,iDEAL Deposit,,EUR,"200,00",EUR,"1047,21",
23-07-2021,08:41,22-07-2021,,,Reservation iDEAL,,EUR,"-200,00",EUR,"847,21",
21-07-2021,18:42,21-07-2021,,,Reservation iDEAL,,EUR,"200,00",EUR,"1047,21",
02-07-2021,02:10,30-06-2021,,,Flatex Interest,,EUR,"-1,06",EUR,"847,21",
08-04-2021,12:46,08-04-2021,,,"Overboeking naar uw geldrekening bij flatexDEGIRO Bank: 4,13 EUR",,,,EUR,"848,27",
08-04-2021,12:46,08-04-2021,FLATEX EURO BANKACCOUNT,NLFLATEXACNT,Degiro Cash Sweep Transfer,,EUR,"-4,13",EUR,"844,14",
07-04-2021,04:33,06-04-2021,RANDSTAD NV,NL0000379121,Dividend,,EUR,"4,86",EUR,"848,27",
07-04-2021,04:33,06-04-2021,RANDSTAD NV,NL0000379121,Dividendbelasting,,EUR,"-0,73",EUR,"843,41",
01-04-2021,23:00,31-03-2021,,,Flatex Interest,,EUR,"-0,70",EUR,"844,14",
02-02-2021,13:22,02-02-2021,,,"Overboeking van uw geldrekening bij flatexDEGIRO Bank 0,02 EUR",,,,EUR,"844,84",
02-02-2021,13:22,02-02-2021,FLATEX EURO BANKACCOUNT,NLFLATEXACNT,Degiro Cash Sweep Transfer,,EUR,"0,02",EUR,"844,86",
01-02-2021,17:20,01-02-2021,MORGAN STANLEY EUR LIQUIDITY FUND,LU1959429272,"Conversie geldmarktfonds: Koop 0,000002 @ 9.898,9254 EUR",,,,EUR,"844,84",
01-02-2021,12:31,01-02-2021,,,"Overboeking naar uw geldrekening bij flatexDEGIRO Bank: 844,86 EUR",,,,EUR,"844,86",
01-02-2021,12:31,01-02-2021,FLATEX EURO BANKACCOUNT,NLFLATEXACNT,Degiro Cash Sweep Transfer,,EUR,"-844,86",EUR,"0,00",
29-01-2021,17:33,29-01-2021,MORGAN STANLEY EUR LIQUIDITY FUND,LU1959429272,"Conversie geldmarktfonds: Verkoop 0,000976 @ 9.899,3674 EUR",,,,EUR,"844,86",
29-01-2021,17:33,29-01-2021,MORGAN STANLEY EUR LIQUIDITY FUND,LU1959429272,"Conversie geldmarktfonds: Verkoop 0,1 @ 9.899,3674 EUR",,,,EUR,"835,19",
28-01-2021,09:00,28-01-2021,RANDSTAD NV,NL0000379121,DEGIRO Transactiekosten en/of kosten van derden,,EUR,"-0,05",EUR,"835,21",45e8440d-1bda-4367-9886-534967bb5ab1
28-01-2021,09:00,28-01-2021,RANDSTAD NV,NL0000379121,DEGIRO Transactiekosten en/of kosten van derden,,EUR,"-2,00",EUR,"835,26",45e8440d-1bda-4367-9886-534967bb5ab1
28-01-2021,09:00,28-01-2021,RANDSTAD NV,NL0000379121,"Koop 3 @ 50,9 EUR",,EUR,"-152,70",EUR,"837,26",45e8440d-1bda-4367-9886-534967bb5ab1
28-01-2021,00:00,27-01-2021,MORGAN STANLEY EUR LIQUIDITY FUND,LU1959429272,Koersverandering geldmarktfonds (EUR),,EUR,"-0,02",EUR,"989,96",
27-01-2021,00:00,26-01-2021,MORGAN STANLEY EUR LIQUIDITY FUND,LU1959429272,Koersverandering geldmarktfonds (EUR),,EUR,"-0,02",EUR,"989,98",
26-01-2021,00:00,25-01-2021,MORGAN STANLEY EUR LIQUIDITY FUND,LU1959429272,Koersverandering geldmarktfonds (EUR),,EUR,"-0,02",EUR,"990,00",
25-01-2021,00:00,24-01-2021,MORGAN STANLEY EUR LIQUIDITY FUND,LU1959429272,Koersverandering geldmarktfonds (EUR),,EUR,"-0,04",EUR,"990,03",
22-01-2021,00:00,21-01-2021,MORGAN STANLEY EUR LIQUIDITY FUND,LU1959429272,Koersverandering geldmarktfonds (EUR),,EUR,"-0,02",EUR,"990,07",
21-01-2021,00:00,20-01-2021,MORGAN STANLEY EUR LIQUIDITY FUND,LU1959429272,Koersverandering geldmarktfonds (EUR),,EUR,"-0,02",EUR,"990,09",
20-01-2021,00:00,19-01-2021,MORGAN STANLEY EUR LIQUIDITY FUND,LU1959429272,Koersverandering geldmarktfonds (EUR),,EUR,"-0,02",EUR,"990,11",
19-01-2021,00:00,18-01-2021,MORGAN STANLEY EUR LIQUIDITY FUND,LU1959429272,Koersverandering geldmarktfonds (EUR),,EUR,"-0,02",EUR,"990,13",
18-01-2021,00:00,17-01-2021,MORGAN STANLEY EUR LIQUIDITY FUND,LU1959429272,Koersverandering geldmarktfonds (EUR),,EUR,"-0,05",EUR,"990,16",
15-01-2021,00:00,14-01-2021,MORGAN STANLEY EUR LIQUIDITY FUND,LU1959429272,Koersverandering geldmarktfonds (EUR),,EUR,"-0,02",EUR,"990,21",
14-01-2021,00:00,13-01-2021,MORGAN STANLEY EUR LIQUIDITY FUND,LU1959429272,Koersverandering geldmarktfonds (EUR),,EUR,"-0,02",EUR,"990,23",
13-01-2021,00:00,12-01-2021,MORGAN STANLEY EUR LIQUIDITY FUND,LU1959429272,Koersverandering geldmarktfonds (EUR),,EUR,"-0,02",EUR,"990,25",
12-01-2021,00:00,11-01-2021,MORGAN STANLEY EUR LIQUIDITY FUND,LU1959429272,Koersverandering geldmarktfonds (EUR),,EUR,"-0,02",EUR,"990,27",
11-01-2021,00:00,10-01-2021,MORGAN STANLEY EUR LIQUIDITY FUND,LU1959429272,Koersverandering geldmarktfonds (EUR),,EUR,"-0,05",EUR,"990,29",
08-01-2021,00:00,07-01-2021,MORGAN STANLEY EUR LIQUIDITY FUND,LU1959429272,Koersverandering geldmarktfonds (EUR),,EUR,"-0,02",EUR,"990,34",
07-01-2021,16:06,07-01-2021,MORGAN STANLEY EUR LIQUIDITY FUND,LU1959429272,"Conversie geldmarktfonds: Koop 0,000974 @ 9.903,5704 EUR",,,,EUR,"990,36",
07-01-2021,16:06,07-01-2021,MORGAN STANLEY EUR LIQUIDITY FUND,LU1959429272,"Conversie geldmarktfonds: Koop 0,1 @ 9.903,5704 EUR",,,,EUR,"1000,01",
07-01-2021,00:00,06-01-2021,MORGAN STANLEY EUR LIQUIDITY FUND,LU1959429272,Koersverandering geldmarktfonds (EUR),,EUR,"0,00",EUR,"1000,01",
05-01-2021,18:33,05-01-2021,,,iDEAL storting,,EUR,"1000,00",EUR,"1000,01",
05-01-2021,17:37,05-01-2021,,,iDEAL storting,,EUR,"0,01",EUR,"0,01",
